@misc{Wikipedia:z,
  author = {Wikipedia},
  title = {z},
  howpublished ={\url{https://en.wikipedia.o}},
  note = {Accessed: 2024-12-17},
}

@BOOK{z:History,
	title = {z/Architecture
 Principles of Operation},
	publisher = {Publisher},
	author = {IBM Z Corp.},
	year = {2019},
	edition = {13th},
}

@ARTICLE{Smith:2013jd,
	author = {Jones, A.~B. and Smith, J.~M.},
	title = {{A}rticle {T}itle},
	journal = {Journal title},
	year = {2013},
	volume = {13},
	pages = {123-456},
	number = {52},
	month = {March},
	publisher = {Publisher}
}

@BOOK{Other:2014ab,
	title = {{B}ook {T}itle},
	publisher = {Publisher},
	author = {Other, A.~N.},
	year = {2014},
	edition = {10th},
}